2884 4817
596 409 617 458 εἰ
694 411 700 433 ²
1079 427 1101 478 ιζ·
1109 441 1116 451 ·

626 436 738 498 ““““·-··
1092 437 1152 533 ni

169 605 233 692 ‘itt
248 622 291 690 ad
308 640 436 691 sensum
455 631 560 690 meum
573 621 720 704 accidit,
742 624 780 687 rit
801 621 889 705 quod
907 613 1150 708 Quinctiiianns

169 723 212 808 ²1.
235 724 279 806 0'.
301 739 342 808 x.
366 757 395 806 1.
418 755 452 820 p.
469 752 545 820 917·
569 743 609 802 ex·
626 734 760 820 integris
778 735 887 803 nstro
909 735 1039 820 orrens
1061 737 1149 823 junt-

167 847 288 933 ζεεινίῑ,
310 865 370 936 ego
394 850 457 917 hoc
485 851 584 918 unico
613 849 794 936 fragmento
822 849 946 933 egregie
955 849 1149 920 confirmari
1206 837 1211 847 ’

165 949 380 1048 ‘existimem
395 980 580 1047 auctorem,
592 963 754 1050 siquidem
772 979 844 1028 eum
862 961 945 1030 'velis
960 966 1000 1031 ad
1014 980 1148 1034 conten·

89 1057 92 1063 ’
162 1067 280 1193 ‘tionis
295 1097 369 1147 cum
390 1079 601 1146 Ciceroniana
618 1076 803 1161 eloquentia
820 1076 990 1144 discrimen
1004 1078 1144 1162 adigere,

163 1173 194 1261 ‘a
213 1193 382 1262 Ciceronis
408 1193 512 1260 nitore
530 1208 561 1259 et
584 1191 790 1278 jucunditate
811 1205 875 1256 tam
897 1193 993 1276 longe
1009 1190 1143 1274 obesis,

164 1289 214 1374 ‘ut
228 1287 326 1375 videri
342 1305 451 1391 possit
469 1308 580 1373 seculo
595 1307 697 1390 prior.
728 1305 881 1374 Ceterum
901 1305 986 1388 sapit
998 1305 1054 1372 iila
1073 1285 1145 1375 sen-

159 1419 350 1489 'tentiarum
365 1422 565 1488 consectatio
581 1420 651 1489 aevi
669 1421 853 1507 ingenium,
874 1434 906 1486 et
916 1419 1144 1488 Sallustianam

176 1533 411 1616 imitationem,
436 1554 516 1622 quae
538 1553 649 1603 omnes
675 1535 742 1602 fere
768 1536 866 1621 hujus
884 1547 916 1601 et
932 1536 1142 1616 sequentium

160 1649 312 1718 ‘'aetatum
331 1650 508 1718 historicos
524 1650 654 1718 invasit.
700 1649 790 1717 Haec
808 1650 848 1715 de
865 1645 991 1716 dicendi
1008 1667 1138 1736 genere:

158 1773 410 1849 ‘cognoscamus
434 1766 473 1830 dc
496 1763 562 1830 loci
589 1778 805 1850 argumento,
832 1781 900 1845 quo
925 1766 1076 1847 proditur
1090 1766 1142 1834 in·

152 1874 437 1962 'signePollionis
448 1877 557 1942 Asinii
566 1877 792 1945 deM.Tuilio
802 1877 1140 1963 Ciceronejudicium.

153 1987 172 2076 Ἰ
199 1983 412 2073 ‘iniquitatis
442 2005 516 2073 erga
560 1989 784 2071 Ciceronem,
837 2003 965 2055 tantum
1010 1991 1139 2072 virum,
1185 1989 1189 1996 ’

154 2103 315 2187 ‘quantus
341 2103 369 2168 si
393 2100 466 2184 ipse
492 2101 632 2185 fuissc't,
659 2104 826 2188 praeclare
849 2121 958 2171 secum
980 2105 1031 2187 agi
1053 2103 1139 2172 exis-

111 2279 115 2282 .
153 2205 334 2300 'rimasset,
371 2213 722 2306 Pollioi‘peculiarcrn.
743 2216 861 2284 habuit
890 2219 1043 2287 rationem
1070 2220 1138 2285 dis.

151 2331 295 2401 ‘condias
318 2327 456 2413 civiles,
488 2344 519 2395 et
541 2329 714 2398 amicitiam
741 2348 817 2398 cum
841 2331 1010 2401 Antonine
1033 2351 1138 2418 repre·

152 2445 378 2524 'hendendus,
420 2443 511 2526 quod
545 2443 732 2528 simultati,
772 2445 841 2514 sive
866 2447 1037 2531 publicae,
1067 2451 1136 2517 sive

166 2562 331 2647 privatae,
371 2557 466 2654 iidem
501 2557 690 2631 historicam
728 2561 895 2645 subjecit3
934 2563 1133 2644 laudandos,

153 2677 258 2758 *quod
283 2671 404 2755 insigni
430 2673 603 2752 praeconio
630 2685 662 2736 ct
679 2689 763 2738 «suae
784 2674 1006 2754 auctoritatis,
1028 2691 1060 2741 et
1077 2678 1138 2744 Ci-

149 2785 294 2868 'neronis
328 2801 459 2853 cansam
490 2782 657 2865 restituit,
689 2781 1136 2870 verissimoquc'testimonio

149 2899 355 2969 ‘excellentis
386 2895 449 2964 viri
481 2881 651 2964 memoriae
683 2899 852 2970 satisfecit.
916 2901 1058 2974 Rectene
1091 2922 1133 2976 an

148 2995 261 3084 t'secus
291 3012 448 3096 sentiam,
478 3014 616 3098 ignoro:
647 3032 740 3081 meus
772 3034 877 3084 autem
904 3017 1032 3087 in'hoc
1055 3021 1135 3089 Poi-

147 3121 155 3156 ³
162 3129 260 3226 lionis
287 3129 328 3195 de
350 3129 510 3196 Cicerone
533 3129 658 3216 judicio
682 3129 712 3196 is
731 3135 938 3215 consensus,
963 3154 1056 3216 quem
1075 3121 1130 3202 irio

147 3237 276 3326 eloqui
299 3261 423 3326 cogor,
452 3245 562 3312 verius
581 3239 627 3312 'de
650 3245 808 3313 Cicerone
837 3250 968 3313 omnino
993 3248 1131 3334 judicati

148 3363 231 3424 ‘non
256 3377 378 3440 posse,
411 3377 505 3441 quarn
533 3359 574 3427 ab
593 3341 1126 3432 adversario'Asiniofacmmesc:

147 3469 262 3556 ²cujus
290 3473 450 3568 sententia
476 3488 539 3539 tam
568 3476 666 3558 longe
689 3473 1133 3557 ab·invidia,a1iove·quo·

149 3583 236 3652 ³‘riam
263 3583 417 3658 hnmanae
437 3590 584 3654 naturae
607 3585 725 3653 affectu
751 3588 897 3670 sejuncta
920 3601 1018 3671 atque
1038 3604 1129 3675 sept·

146 3701 241 3768 'rata'
267 3713 338 3780 esc,
378 3701 508 3784 ut'ipsa
534 3720 609 3769 -cam
634 3702 754 3770 veritas
783 3701 946 3786 peperisse
965 3697 1126 3780 ¹videatur.

146 3811 239 3900 ‘Qua
261 3810 370 3914 iaudis
396 3815 633 3896 praedicatione
657 3832 695 3883 eo
719 3815 829 3882 minus
851 3815 987 3885 Asinius
1002 3819 1127 3886 defran-

147 3925 288 3998 i'tiendus
314 3930 695 4014 cenomannensem
707 3929 824 4014 judicii
839 3929 1041 4019 integritate,
1056 3928 1127 4014 oia

145 4047 191 4080 '¹⁴
395 4047 396 4050 ‘
540 4067 543 4074 ·
689 4042 758 4140 1³3
1070 4044 1130 4120 ei·
