2884 4817
291 356 360 471 rin
425 422 427 429 v
712 390 855 469 ἐξ

298 611 356 662 sas
382 588 577 685 consentit,
611 604 656 661 ut.
689 602 880 679 temperem
931 584 1037 658 nobis
1070 581 1162 661 hand
1194 591 1262 681 po·

297 712 489 802 tuerimus,
532 714 614 805 quiri
633 712 721 787 'lroc
756 714 883 810 insigni
913 714 1134 786 auctoritatis
1174 699 1261 801 rem.

292 862 397 934 quam
436 841 637 935 praesidio,
686 858 823 911 nostras
869 842 1022 912 titiones
1059 840 1257 932 praemuni·

291 986 416 1041 remus
457 968 580 1040 Vitam
610 968 721 1041 Asinii
754 958 929 1047 Pollionis
955 962 975 1038 a
999 986 1035 1040 se
1067 968 1258 1061 conscrips
1323 1062 1327 1070 ι

294 1114 363 1167 tam
399 1092 613 1191 iaschedis
656 1113 767 1165 servat
818 1091 1007 1186 conspicua
1054 1090 1256 1168 Historicns

292 1219 405 1306 sams,
447 1219 502 1293 Μ.
540 1216 746 1308 Stuartius;
792 1217 889 1311 quod
932 1212 1164 1315 cognovimus
1212 1242 1258 1292 ert

281 1346 421 1438 Operis
445 1345 540 1419 laud.
566 1344 623 1420 ul.
649 1345 696 1419 C.
724 1368 789 1418 van
815 1342 923 1434 Harl,
941 1366 989 1439 p·
1014 1364 1108 1442 192,
1135 1344 1217 1443 193.

341 1471 472 1544 Verum
501 1473 586 1565 haec
616 1471 657 1543 de
688 1475 754 1559 iis,
789 1476 850 1562 qui
877 1471 1159 1567 ‹ie-argumento
1190 1494 1265 1547 noo·

291 1616 365 1670 etro
399 1598 632 1690 scripserunt,
679 1596 858 1669 sufficiant.
908 1594 1021 1691 Quod
1051 1596 1258 1690 disputatio·

291 1741 472 1797 memnon
508 1726 556 1795 ita
593 1723 836 1809 dilatavimus,
870 1742 911 1792 ur
937 1721 1014 1816 eius
1046 1724 1159 1796 simul·
1180 1724 1258 1799 fini·
1302 1794 1306 1797 .
1425 1729 1426 1740 '

293 1850 361 1951 bus
391 1848 704 1943 complecteremur
741 1848 900 1923 Asinium
929 1848 1097 1937 Gallum,
1133 1869 1170 1923 et
1200 1874 1257 1925 re·

292 1976 410 2067 liquos
441 1978 611 2055 Atinios.
656 1976 734 2071 ejus
767 1980 817 2049 rei
847 1976 933 2050 haec
970 1982 1157 2072 praecipua
1187 1977 1258 2051 fnit

268 2106 415 2191 meio,
466 2105 548 2193 quit
597 2101 702 2193 hujus
741 2105 951 2173 accessionis
986 2080 1064 2177 ¹'nec
1102 2105 1258 2197 jucunde

293 2226 410 2300 futuro
443 2246 555 2312 essct,
602 2248 668 2316 nec
701 2223 882 2297 fructuosa
913 2231 1087 2313 tractatio,
1146 2231 1254 2303 Vide·

290 2355 371 2426 bam
399 2342 512 2439 enim,
542 2354 665 2423 horum
690 2371 910 2445 posterorum
931 2354 1108 2424 historiam
1140 2359 1257 2428 tenui·

292 2482 359 2552 bus
389 2500 430 2551 sc
459 2482 543 2551 raris
582 2480 739 2575 vestigiis
764 2478 959 2565 contineri,
991 2496 1027 2549 et
1060 2475 1160 2569 ipsos'
1189 2480 1255 2553 ho·

292 2608 403 2678 mines
423 2603 593 2698 ejusmodi
614 2624 712 2696 este,
738 2601 781 2674 de
801 2604 1010 2694 quibus-qul
1033 2603 1077 2675 de
1092 2604 1256 2681 industria

273 2735 512 2823 inquireret,
547 2737 608 2804 vix
637 2750 762 2823 operae
792 2734 942 2824 pretium
969 2729 1123 2806 factums
1140 2752 1253 2809 esset.

292 2855 547 2954 lgiruthujus
581 2876 724 2946 quoqne
750 2860 868 2948 -patris
895 2856 1116 2930 illustrandae
1136 2867 1256 2933 consi·
1375 2839 1377 2842 ⁵

292 2984 401 3070 lium,
446 2982 542 3074 qnod
574 2985 735 3075 primitus
770 2985 1001 3079 agitaveram,
1036 3001 1155 3073 postea
1194 2983 1259 3057 de.-

290 3111 407 3202 posui.

343 3235 408 3309 llis
429 3238 537 3333 igitur
554 3239 602 3308 ita
618 3233 883 3321 animadversis,
908 3235 986 3329 jure
1005 3235 1154 3337 quodam
1171 3260 1252 3314 meo

291 3364 376 3437 mihi
394 3384 500 3459 pero,
519 3382 558 3434 ur
575 3361 667 3456 apud
685 3362 886 3452 scriptionis
906 3353 1076 3459 Lectores
1090 3364 1252 3459 iuvenile

296 3512 383 3584 opus
408 3492 573 3591 juvenilis
604 3491 781 3562 tenuitatis
800 3480 1068 3566 excusationem
1087 3493 1253 3571 inveniat·
1372 3468 1376 3474 ⁴

706 3780 853 3815 m
