2884 4817
320 394 368 483 ῃ
617 378 864 449 «Π

395 446 402 457 ,

330 550 518 664 uatpauuu
539 570 701 641 hominum
724 574 933 643 humilitatem
956 564 1089 643 nimium
1126 581 1285 663 quantum
1371 608 1377 619 ›

261 702 264 711 ’
333 690 511 757 eminebatt
543 700 593 755 ast
617 684 786 755 meliorum
813 703 991 772 temporum
1014 690 1086 756 luce
1107 706 1140 757 et
1166 691 1289 758 Roma«
1345 685 1349 696 ’

331 818 376 872 no
408 805 539 872 homine
565 801 679 887 digna,
710 801 793 868 inter
822 804 997 871 adulatoria
1026 806 1186 888 Augustei
1215 806 1287 871 aeti

331 918 460 1003 ingenia
493 908 704 1011 vehemendae
733 917 977 999 asperitatisque
1012 916 1284 999 reprehensionem

330 1032 468 1118 effugere
499 1046 566 1100 non
592 1029 712 1115 potuit.
763 1030 922 1098 Pollionis
953 1032 1030 1097 adeo
1061 1030 1127 1095 fere
1153 1032 1287 1097 notaba-

329 1160 384 1214 tur
400 1148 556 1233 ferocia,
589 1156 684 1228 quatu
715 1144 804 1211 lilius
831 1143 972 1226 Gallus,
1000 1149 1150 1233 radimus
1164 1149 1213 1215 aiei
1233 1167 1288 1214 aa·

332 1283 369 1331 ss
405 1262 530 1351 nappe
562 1263 613 1331 tuni
655 1262 728 1343 erip
762 1263 797 1329 ri
821 1260 973 1353 συμφέρον
1005 1264 1089 1344 αὐτῷ
1112 1264 1285 1344 χρώμενος,

328 1374 429 1462 (Dio
449 1376 493 1445 L.
521 1372 628 1467 LVII.
660 1391 689 1441 c.
708 1372 772 1455 a.)
804 1372 979 1440 retinuerit.
1003 1372 1068 1440 uid.
1091 1369 1197 1441 Tacit.
1219 1374 1288 1437 Art⁴

262 1565 268 1587 ,
324 1486 530 1556 nal.'I.1'2.1
573 1487 690 1567 Neque
720 1489 805 1552 enim
833 1487 947 1550 mirum
990 1488 1141 1566 cuiquam
1185 1484 1313 1549 videri.

221 1610 224 1617 '
329 1594 464 1684 potest,
495 1598 525 1664 ai
559 1597 753 1682 ejua‘nimia
783 1610 819 1663 ac
851 1597 944 1663 ferox
971 1597 1134 1679 cogitandi
1158 1597 1289 1679 agendi·

331 1730 393 1793 que
417 1711 548 1776 libertas
572 1710 780 1791 censebatur,
808 1708 866 1791 qui
892 1720 1015 1775 tautum
1035 1707 1097 1775 sibi
1117 1711 1285 1791 sumebat,

326 1838 363 1889 ut
393 1822 595 1913 Octauiano,
616 1823 670 1889 cui
699 1824 834 1890 salutem
856 1838 944 1888 suam
969 1824 1078 1889 debuit
1105 1825 1208 1909 (a),
1235 1823 1289 1906 ip·-

188 1970 196 1987 ·
327 1939 398 2005 sius
434 1937 468 2005 in
501 1934 587 2004 bell'o
620 1936 757 2004 Actiaco
780 1950 907 2020 operam
938 1937 1145 2022 efflagitanti,
1179 1952 1288 2023 parere

271 2034 273 2043 ’
328 2042 492 2134 nol'uerit3
517 2062 678 2134 quemque
698 2053 870 2136 Augustus
896 2054 995 2119 domo
1018 2068 1077 2119 sua
1108 2052 1290 2118 interdixit·

324 2146 396 2247 set,
418 2164 609 2231 historicum
641 2163 868 2246 Timagenem,
890 2181 962 2231 eum
980 2166 1118 2232 amicitia
1135 2184 1192 2230 sua
1209 2176 1288 2231 con·

321 2275 537 2357 tubernioque
559 2287 724 2342 tutaretur.
761 2275 828 2341 vid.
856 2270 968 2348 senec.
1000 2278 1039 2341 de
1063 2276 1112 2340 Ira
1138 2277 1199 2344 111.
1228 2288 1285 2361 aq.

323 2386 442 2473 Neque
473 2386 568 2453 desiit
602 2385 727 2478 Pollio¹
745 2386 816 2455 aliis
850 2387 926 2474 item
963 2390 1191 2457 occasionibus
1225 2392 1287 2457 mi·

324 2521 391 2570 ram
416 2499 576 2586 principis
600 2494 817 2565 lenitatemue
846 2500 1028 2571 facilitatem
1056 2521 1129 2568 cum
1154 2522 1212 2595 sua
1235 2503 1283 2568 fa-

323 2618 433 2701 rocia,
455 2617 543 2683 uelut
572 2600 658 2679 facti
682 2595 915 2694 contentione,
945 2615 1165 2683 committeret
1196 2616 1288 2697 quod

321 2748 447 2818 navem
476 2727 542 2813 ipsi
566 2728 692 2795 inurere
711 2726 823 2793 debuit
846 2728 1025 2809 asperitatis
1051 2745 1182 2797 notam
1218 2720 1294 2797 Do?

322 2858 508 2914 cumentuut
543 2856 592 2909 est
623 2841 709 2923 apud
733 2840 867 2909 Sueton.
893 2840 926 2907 in
950 2843 1038 2928 Aug.
1069 2862 1101 2909 c.
1121 2863 1176 2931 43.
1196 2842 1284 2911 conf.

318 2936 468 3043 Gronov.
496 2956 554 3035 ,ad
588 2952 696 3021 Tacit.
740 2954 763 3021 1.
801 2955 827 3019 Ι.
878 2955 1014 3023 Asinius
1056 2977 1132 3023 vero
1176 2961 1285 3023 eodem

319 3072 434 3137 robore
474 3068 718 3149 constantiaque
768 3080 800 3133 et
843 3069 993 3149 reliquant
1031 3070 1126 3135 uitam
1168 3072 1285 3155 guberd

321 3184 430 3264 namt,
453 3195 486 3248 et
507 3182 658 3248 adversae
685 3179 835 3247 fortunae
856 3170 939 3247 nala
968 3184 1140 3265 superavit.
1192 3185 1284 3269 Quid

319 3282 445 3385 igitur?
489 3293 708 3363 Acerbissitno
735 3311 814 3360 casu
842 3294 1006 3377 afflictus,
1038 3311 1124 3363 tanta
1149 3295 1284 3363 fortitu·

72 3392 76 3399 ⁵
198 3420 199 3428 ’
319 3418 393 3481 diue
413 3413 538 3481 luctum
566 3406 789 3491 compressit,
813 3422 962 3490 quantam
987 3410 1198 3476 inhumanae
1228 3426 1283 3477 na·

282 3512 286 3523 ’
319 3544 408 3595 turae
424 3526 597 3607 exemplum
615 3542 632 3589 a
649 3519 784 3607 paucis,
805 3541 843 3589 ex
858 3518 1108 3592 omni'memoria
1124 3540 1285 3606 aetatum,

325 3628 399 3706 ed(
401 3639 613 3721 declararique
635 3634 786 3716 contigit.
834 3636 915 3704 Rem
937 3639 1048 3724 accipe
1072 3660 1110 3707 ea
1138 3641 1285 3707 testimo·

1229 3734 1349 3822 niu⁸

356 3901 413 3974 (1)
427 3884 503 3956 cona
526 3906 612 3959 iente.
628 3900 661 3953 de
678 3868 803 3960 acubus.
817 3898 838 3956 1.
855 3909 893 3996 ¹⁰?
