2884 4817
314 445 382 528 ²104
735 431 857 496 22·-

244 673 246 678 ·
316 627 452 711 pulvere
473 639 508 688 ao
532 619 600 686 sole
620 618 774 719 dimicare
800 633 995 689 vetarentur.
1039 623 1077 693 ln
1105 606 1282 710 posteriori

314 757 455 825 -genere,
479 735 569 818 quod
593 749 722 801 constat
748 734 1032 804 declamationibus
1057 741 1221 823 publicis,
1244 762 1282 820 se

319 852 501 939 jactabant,
515 848 756 932 antiquioribus
766 863 854 914 eerte
866 854 1087 934 temporibus,
1102 853 1166 920 fere
1176 858 1281 922 Scho-

318 967 427 1032 lastici
440 985 476 1030 ac
492 963 669 1041 Rhetores,
685 958 899 1042 eloquentiam
915 984 983 1030 non
996 969 1197 1048 eloquentiae
1209 982 1284 1036 cau·
1418 1028 1419 1049 ,

308 1101 356 1149 -sa
381 1079 593 1147 venditantes.
640 1078 745 1162 Igitur
764 1077 901 1144 Asinius
919 1079 1026 1146 Pollio
1044 1100 1207 1164 nunquan
1228 1085 1284 1154 ad·
1418 1092 1419 1105 ¹

322 1196 423 1263 missa
438 1192 645 1268 multitudine
661 1192 861 1258 declamavit.
906 1193 1002 1260 Unde
1018 1196 1212 1275 Labienus,
1224 1199 1285 1262 ho·

312 1331 375 1378 mo
393 1309 507 1376 mentis
526 1323 618 1388 quarn
636 1307 765 1389 linguae
776 1310 955 1390 amarioris,
971 1313 1072 1376 dixita
1090 1311 1147 1376 ille
1163 1314 1282 1375 trium·

318 1423 429 1515 phalis
452 1443 547 1506 senex
571 1424 726 1503 ἅκροάσεις
750 1439 824 1489 suas
842 1445 1007 1511 nunqnam
1021 1425 1136 1514 populo
1159 1425 1285 1499 commi&
1318 1408 1321 1415 ⁵

314 1544 365 1605 *sit
397 1540 486 1621 (1).
533 1533 629 1610 Sive,
660 1534 705 1596 ait
732 1533 870 1613 Seneca,
902 1540 987 1620 quia·
1009 1552 1131 1623 parum
1156 1541 1193 1600 r'n
1218 1537 1287 1602 illis

320 1653 474 1720 habuerit
494 1644 667 1724 Muciae,
698 1649 765 1711 siaa
792 1646 907 1738 (quod
934 1653 1039 1732 magis
1063 1649 1289 1735 crediderim)
1418 1678 1419 1689 ¹

313 1777 432 1832 ¹arantur
459 1774 574 1826 orator
602 1757 745 1840 inferius
763 1757 814 1823 'id
843 1774 918 1844 opus
945 1765 1073 1846 ingenio
1104 1782 1161 1826 suo
1184 1763 1289 1829 duxe-

312 1877 383 1947 rit.
421 1874 623 1942 Exerceri
647 1872 775 1961 quidam
803 1873 862 1937 illa
885 1854 1197 1960 uolebat‚·giariari
1210 1875 1291 1958 fas·

277 1993 279 1996 ’
322 1993 469 2059 radiabat.
497 1989 651 2069 Excerpt.
677 1987 841 2053 Controv.
863 1985 903 2053 L.
918 1987 976 2055 IV.
1001 1987 1137 2053 Praefat.
1160 2008 1197 2070 p.
1212 2007 1289 2074 441.

365 2108 399 2173 A
424 2103 619 2171 declamandi
643 2101 776 2184 negotio
807 2101 967 2184 diversum
1001 2099 1067 2167 fuit
1099 2101 1286 2193 institutum

322 2222 499 2298 recitandi,
522 2215 619 2297 quod
644 2215 682 2278 ab
710 2215 771 2278 alia
799 2214 925 2299 origine
951 2216 1103 2285 manavit.
1155 2216 1287 2282 Etenim

316 2337 380 2418 .qni
415 2331 540 2412 aliquid
574 2327 772 2409 scripserant
802 2343 858 2393 aut
888 2343 1163 2412 composuerant,
1194 2345 1285 2396 anto-

322 2465 418 2531 quam
453 2443 614 2522 ederent,
644 2443 767 2508 amicos
794 2445 834 2509 ad
863 2445 1053 2510 audiendum
1086 2441 1286 2523 invitabam,
1347 2429 1350 2435 ’

226 2573 232 2584 ’
320 2580 358 2631 ut
383 2581 421 2629 ex
446 2577 555 2627 eornm
579 2557 771 2643 judicioad
797 2555 1020 2640 corrigendum
1044 2556 1292 2621 emendandum·
1417 2622 1418 2625 ,

323 2699 386 2764 que
409 2677 624 2760 proficerent.
655 2670 853 2756 Cuiusmodi
877 2688 1058 2738 conventus
1083 2668 1191 2751 ipsum
1207 2687 1288 2745 eon·
1417 2746 1418 2757 χ

204 2787 212 2808 ’
322 2795 431 2858 silium
448 2789 603 2871 jubebit,
628 2786 927 2866 utprivatiessent.
970 2786 1040 2852 uid.
1063 2783 1148 2849 Plin.
1173 2783 1284 2865 Epist.

317 2902 359 2970 ll.
379 2921 430 2982 19.
446 2917 525 2982 n.9.
555 2897 612 2962 lll.
628 2901 678 2961 181.
697 2915 732 2962 n.
751 2916 784 2977 4.
801 2917 836 2978 9.
874 2903 919 2966 V.
933 2917 964 2980 3.
982 2881 1018 2964 in
1035 2918 1068 2979 7.
1093 2917 1170 2980 sqq.
1189 2897 1285 2980 epist.

166 3025 177 3036 ·
208 3047 213 3054 ·
320 3033 373 3096 13.
399 3031 492 3091 n.1,
518 3031 553 3074 2.
584 3007 658 3074 Vll.
674 3030 709 3092 4.
740 3018 830 3092 n.'7.
855 3011 952 3091 epist.
976 3030 1009 3092 7.
1040 3029 1075 3074 n.
1102 3029 1129 3078 1.
1148 3033 1182 3094 7.
1210 3029 1285 3093 sqq.
1343 3088 1347 3095 ⁴

323 3126 412 3194 Vrii.
430 3142 483 3190 ιι.
522 3119 593 3184 Hac
611 3123 734 3187 ratione
749 3121 909 3202 Virgilius
930 3119 1104 3202 recitabam
1129 3124 1196 3192 viia
1215 3125 1288 3190 Do-

321 3259 392 3312 nat.
408 3241 441 3308 in
458 3237 527 3304 Vit.
550 3235 642 3317 Virg.
665 3238 749 3320 346,
760 3255 820 3315 47,
834 3237 891 3312 48.
913 3234 1002 3300 Serv.
1020 3235 1060 3300 ad
1074 3236 1287 3305 Aeneiddv..

311 3379 398 3443 324.
442 3351 498 3421 v1.
523 3352 620 3430 8oo.;
653 3350 903 3429 ennagonus,
929 3345 996 3412 vid.
1022 3344 1113 3412 Suet.
1136 3345 1172 3410 in
1193 3349 1287 3432 Aug.

321 3495 353 3539 c.
373 3473 422 3556 85.
457 3464 545 3534 conf.
568 3465 652 3530 Plin.
675 3462 784 3546 Epist.
806 3461 852 3528 V.
874 3479 902 3543 3.
926 3479 961 3526 n.
977 3461 1022 3538 6,
1044 3476 1077 3541 7.
1121 3457 1196 3542 lpse
1214 3481 1285 3528 mos

324 3599 372 3648 est
401 3555 503 3661 musto
536 3579 730 3662 antiquioris
756 3577 887 3644 aetatis:
918 3573 1013 3644 initia
1038 3575 1101 3659 jam
1130 3575 1284 3642 habemus

322 3695 358 3778 in
386 3698 430 3763 L.
454 3695 559 3764 Accio
599 3710 648 3762 et·
670 3693 722 3760 M.
759 3692 902 3759 Pacuvio
935 3692 1021 3770 apud
1056 3688 1143 3764 Geli.
1170 3689 1219 3760 N.
1241 3692 1283 3757 Α.

467 3815 470 3822 ’
757 3815 761 3824 ’
1185 3806 1288 3872 xlll.

315 3943 325 3968 ’
355 3956 414 4025 (ι)
430 3957 506 4010 conl.
524 3963 557 4014 Ν.
575 3963 652 4016 Faber
669 3970 694 4010 et
713 3962 744 4012 Δ.
762 3961 878 4012 schottus
896 3955 926 4008 ad
943 3950 1003 4012 lule
1252 3967 1256 3975 ’
