2884 4817
315 434 357 498 χρ
739 408 850 475 Ε

315 618 405 674 tants
436 615 485 671 est
511 602 677 671 Caesarem
713 602 747 671 in
773 599 928 669 Africam.
971 601 1070 670 Anno
1093 602 1181 687 706¹,
1210 600 1279 671 illo

315 720 418 793 XLII.
440 738 496 802 27.
526 716 665 797 scribit,
693 734 798 799 neque
828 718 1029 798 Consulem,
1057 735 1162 802 neque
1186 718 1277 785 Prae-

315 848 417 903 torem
443 834 545 900 ullum
569 828 690 898 fuisset
715 831 803 911 quod
830 829 1070 916 intelligendum
1089 847 1138 897 est
1153 834 1192 898 de
1207 834 1278 916 ejus

317 950 393 1017 anni
418 959 508 1031 parte
533 944 653 1030 priori:
679 962 753 1010 nam
770 962 915 1011 reversus
938 946 1057 1013 Caesar
1077 945 1276 1028 Dictaturam

317 1061 492 1146 deposuit,
514 1058 595 1125 etin
614 1058 769 1141 reliquam
791 1058 866 1125 anni
880 1073 1001 1143 partem
1021 1060 1208 1140 Consules,
1229 1076 1280 1124 re·

314 1177 490 1259 liquosquc
512 1173 717 1257 magistratus
744 1173 886 1255 creavit,
908 1187 1039 1241 auctore
1058 1174 1133 1256 ipso
1152 1174 1279 1253 Dione,

313 1293 342 1359 l.
358 1292 384 1357 l.
407 1306 437 1356 c.
456 1304 511 1373 51.
535 1300 589 1369 ες.
631 1286 726 1354 Unde
747 1267 936 1373 colligitur,
959 1289 990 1355 si
1010 1285 1192 1356 verosimile
1210 1300 1279 1351 non

314 1410 380 1487 sit,
420 1400 600 1471 Pollionem
638 1402 799 1484 privatum
837 1404 1025 1472 Dolabellae
1058 1397 1282 1480 Trebelliiqus

312 1514 574 1584 dissensionibus
601 1531 637 1579 se
662 1515 900 1596 immiscuisse,
929 1536 1026 1597 eum,
1048 1529 1123 1580 curn
1150 1512 1283 1578 seditio-

128 1687 198 1729 ψ,
236 1571 289 1724 ,ξ’
309 1630 368 1697 nis
394 1614 542 1711 tempore
569 1642 627 1691 aec
645 1639 775 1707 praetor
798 1616 1051 1721 esscpogugic,
1075 1625 1281 1710 quianullus

70 1782 102 1866 ἢ
248 1724 277 1747 ’
313 1754 402 1823 erat,
434 1739 643 1823 probabiliter
677 1744 741 1810 hoc
771 1760 859 1808 anno
887 1740 1073 1807 Tribunum
1093 1741 1167 1826 pl.,
1195 1758 1282 1807 anno

314 1862 378 1941 708
408 1854 587 1923 Praetorem
619 1854 744 1940 fuisse3
774 1874 815 1923 ex
854 1875 923 1940 quo
946 1856 1151 1979 magistratu
1171 1853 1280 1979 statim

249 2019 253 2027 ,
314 1970 350 2039 in
370 1969 571 2055 provinciam
594 1970 722 2035 abierit.

190 2080 192 2087 ’
358 2088 457 2153 Anno
483 2102 544 2171 70⁷
573 2084 692 2150 Caesar
719 2084 871 2164 reliquias
893 2085 1104 2170 Pompeianae
1129 2072 1283 2150 factionis

317 2202 350 2263 in
377 2196 489 2262 Africa
516 2197 963 2278 persecutusest.1nquo
989 2198 1097 2276 bello,
1128 2214 1287 2262 commea

318 2322 374 2377 tus
391 2308 524 2391 inopia,
548 2309 804 2389 copiarumque,
828 2326 910 2394 quas
934 2326 973 2410 ex
987 2305 1096 2374 Sicilia
1112 2310 1284 2377 arcessivc·

308 2438 389 2503 rat,
413 2422 557 2501 morl,
548 2422 643 2487 mitio
671 2422 807 2487 fortuni
833 2440 914 2486 usus
941 2436 991 2486 est
1015 2422 1112 2489 soliti
1129 2427 1281 2494 tardiori.

263 2540 366 2605 lta
388 2534 561 2617 aliquando
584 2532 714 2605 factum
734 2549 804 2618 est,
834 2547 870 2602 ut
898 2535 1076 2601 otiarentut
1100 2540 1283 2605 Caesariani

311 2651 465 2734 equites,
496 2649 582 2717 saltu
612 2634 773 2737 cantuque
794 2651 835 2716 ad
859 2648 970 2716 tibiam
994 2648 1134 2739 alicujus
1152 2650 1284 2737 ,Libyes

226 2838 240 2867 q
320 2762 497 2844 oblectati,
520 2782 659 2845 quotum
678 2764 814 2847 segnitie
830 2763 1047 2834 animadversi
1064 2764 1196 2849 hostes,
1220 2766 1282 2833 itm·

205 2874 238 2932 ’ὅ
318 2894 402 2963 petu
426 2877 538 2957 facto,
560 2878 884 2958 alios'obtruncant,
906 2878 988 2944 alios
1012 2877 1046 2945 ln
1070 2895 1174 2947 castra
1199 2882 1287 2963 nefa

319 2992 443 3074 gientes
471 2988 594 3070 secuti,
628 3008 694 3055 tino
722 2991 848 3074 agmine
873 2991 1068 3074 irrumpunt.
1121 2992 1286 3082 Quodnisi

318 3102 460 3182 Caesar,
484 3116 516 3166 et
538 3120 612 3171 cum
639 3120 676 3168 eo
696 3103 805 3169 Pollio
830 3104 991 3184 Asinius,
1014 3123 1052 3171 ex
1076 3107 1193 3172 castris
1207 3125 1287 3190 sup·

318 3215 423 3302 petias
459 3211 618 3295 ferentes,
658 3215 768 3304 fugam
797 3220 1046 3300 repressissent,
1079 3221 1119 3286 de
1142 3224 1283 3290 exercitu

320 3346 427 3417 actum
455 3327 584 3398 fuisset.
611 3328 692 3417 vid.·
708 3329 874 3396 Plutarch.
897 3331 932 3398 in
958 3334 1055 3402 Caes.
1085 3354 1119 3417 p.
1139 3353 1216 3419 732.
1240 3340 1283 3404 E.

322 3444 454 3531 Optime
488 3442 955 3525 verocaesar‘expe'clitionis
989 3445 1113 3513 socium
1143 3448 1206 3515 sibi
1228 3450 1283 3522 ad·

308 3550 311 3559 ‘
323 3561 433 3644 junxit
458 3559 661 3636 Pollionem,
694 3559 752 3639 qui
778 3573 911 3653 manle
937 3574 1030 3644 gesto
1055 3561 1090 3631 iu
1113 3564 1219 3629 eadem
1238 3550 1284 3629 re'·

318 3670 418 3757 gionc
448 3674 557 3757 bello,
591 3690 655 3738 usu
689 3688 721 3739 et
749 3674 896 3749 iocorum
927 3673 1139 3758 hostiumque
1168 3675 1286 3746 notitia

320 3782 517 3871 praestabat.

369 3898 487 3973 Annua
513 3906 599 3985 708,
622 3902 651 3970 si
675 3899 904 4021 verisimilibus
930 3898 1089 3972 fidendum
1115 3896 1178 3984 alt,
1208 3900 1289 3965 Asi·

1192 4002 1287 4086 iilum
