2884 4817
596 366 707 443 m.
940 307 1155 467 ¹‘tp‘

161 562 275 649 malus
308 558 558 639 emolumentum
583 558 708 641 cederet
739 553 991 629 Arismccaticae
1014 558 1133 632 fictio·

168 678 248 759 nis,
279 676 421 765 ejusdem
443 670 641 751 Octaviani,
671 669 730 753 qui
754 673 794 739 ad
823 674 887 746 lroc
921 691 1029 759 usque
1051 690 1136 749 tem·

167 810 231 877 pus
262 790 378 857 mirum
412 787 551 865 Senatus
583 783 727 851 studium
752 784 973 873 simulaverat,
1002 788 1137 875 impedi·
1195 875 1200 886 .

168 904 220 973 uit
245 902 415 974 calliditas.
460 900 524 967 Hic
549 899 658 982 enim,
688 914 763 967 cunr
788 899 920 967 sentiret
950 920 985 971 se
1012 918 1052 975 ex
1079 896 1136 973 de·

162 1019 267 1087 ,fenst
293 1017 431 1085 Senatus
457 1013 648 1081 auctoritate
672 1011 729 1097 id,
758 1013 850 1096 quod
871 1014 1039 1097 voluerat,
1057 1033 1137 1101 pro·

168 1132 310 1213 fecisse,
339 1143 378 1195 ut
410 1126 576 1197 Antonius
610 1144 684 1193 eum
713 1145 754 1193 ex
788 1144 891 1211 puero
928 1127 1052 1210 factum
1082 1132 1134 1201 vi·

169 1262 265 1325 rum,
294 1260 335 1309 cr
361 1239 508 1310 inferiori
533 1242 693 1311 aemulum
720 1255 754 1307 et
778 1257 883 1325 aequo
906 1242 1041 1326 parique
1061 1245 1135 1333 jure

170 1370 335 1443 potentem
371 1356 590 1439 intelligeret,
619 1344 742 1423 sensim
763 1356 905 1439 apertius
930 1354 1062 1426 consilll
1085 1377 1135 1429 ra·
1199 1393 1201 1398 v

172 1472 293 1537 tlonem
327 1467 497 1551 explicuit.
549 1470 732 1537 Accedebat
753 1468 944 1537 Senatorum
976 1487 1055 1556 post
1081 1490 1136 1545 ac⁴

169 1599 264 1669 cepta
299 1580 452 1649 beneficia
486 1580 639 1662 adversus
677 1582 866 1666 Augustum
896 1583 1049 1667 suspicax
1076 1584 1139 1655 im·

162 1696 361 1784 prudentia,
384 1707 416 1762 et
436 1712 532 1779 quem
563 1710 636 1778 ante
654 1694 688 1761 in
713 1698 842 1763 coelum
868 1698 1031 1782 tulerant,
1050 1703 1138 1788 ejus·
1220 1695 1224 1703 ’

47 1820 49 1824 ’
159 1815 243 1883 -dena
270 1830 356 1879 nunc
384 1810 507 1877 invidia
533 1823 565 1878 et
587 1824 786 1884 contemtus.
818 1810 896 1879 Vid.
923 1813 990 1881 Dio
1012 1813 1134 1887 XLVI.

169 1949 228 2015 40.
252 1948 330 2013 sqq,
353 1923 496 2007 Appian.
514 1924 553 1989 de
574 1921 613 1991 B.
636 1924 679 1991 C.
706 1922 769 2021 Ill.
793 1925 846 1990 80.
874 1925 991 2011 Vellej.
1008 1933 1057 1997 11.
1080 1932 1140 2010 60,

157 2042 265 2131 'Suet
291 2041 326 2107 in
350 2038 440 2121 Aug.
464 2052 563 2104 c.1o.
608 2033 714 2118 igitur
728 2034 883 2117 paulatim
915 2037 957 2103 ab
989 2037 1139 2123 Optima<

173 2155 264 2229 tibus
296 2150 445 2230 deflexit,
476 2166 535 2215 nec
571 2159 677 2215 tanen
705 2147 858 2229 protinus
890 2149 1071 2223 Antoniam
1097 2157 1137 2232 jn

160 2267 356 2353 ⁸societatem
375 2261 532 2330 adscivit:
555 2261 587 2328 id
608 2278 706 2345 agens
723 2260 888 2343 prinum,
910 2279 948 2330 ut
971 2269 1137 2341 Antonius
1187 2275 1190 2280 ⁴

173 2366 386 2449 aduersarium
412 2376 521 2461 ipsum
547 2375 693 2459 timeret,
724 2376 984 2462 necquidquam
1016 2401 1052 2454 se
1073 2386 1138 2457 effi.

172 2514 246 2565 cere
275 2512 374 2579 posse
400 2504 570 2575 speraret,
600 2489 664 2558 nisi
697 2492 790 2559 socio
824 2490 1019 2565 Octaviano.
1068 2502 1139 2569 An·

175 2611 268 2678 tonio
298 2608 386 2691 ipsi,
408 2606 490 2673 nihil
529 2601 747 2689 significans,
775 2602 904 2687 Lepido
940 2612 1072 2695 scripsit
1105 2632 1138 2685 et

174 2725 315 2803 Asinio,
335 2740 471 2803 quorum
490 2719 611 2786 sciebat
625 2735 806 2800 propensos
821 2737 891 2783 esse
906 2720 940 2785 in
954 2725 1137 2796 Antonium

176 2839 316 2931 animos.
364 2832 485 2899 Scribit
513 2833 551 2895 de
585 2830 780 2901 contumelia
817 2830 882 2897 sibi
914 2833 953 2899 ab
989 2838 1139 2909 adversae

176 2948 331 3019 factionis
354 2942 570 3031 ,principibus
600 2944 718 3025 illata,
754 2946 858 3027 deque
889 2946 1041 3019 Caesaris
1068 2974 1141 3038 per.
1187 3036 1190 3041 ³

177 3064 369 3143 cussoribus
403 3059 505 3128 omni.
522 3060 648 3129 honore
676 3058 827 3127 affectis:
859 3076 981 3132 metum
1009 3064 1140 3153 Lepido

177 3154 362 3262 Antioque
402 3174 573 3261 injiciens,
611 3193 681 3257 ne,
716 3174 982 3263 Pompeianarum
1021 3178 1151 3250 machi-¹

178 3296 309 3387 natione
349 3291 524 3379 partium,
555 3290 695 3375 singulis
714 3291 933 3361 ‘Caesarianis
969 3294 1052 3363 idem
1085 3314 1140 3363 ac·

156 3411 292 3491 'eidat,
322 3394 411 3490 quod
448 3406 618 3486 Antonio,
651 3403 709 3487 qui
745 3424 803 3489 per
831 3405 1078 3493 imprudentiam
1108 3425 1143 3486 et

59 3523 63 3535 '
130 3548 136 3563 ·
182 3524 281 3607 hujus
312 3524 452 3622 eiusdem
479 3536 582 3591 metus
617 3534 816 3587 contemtum
842 3522 878 3593 in
902 3524 985 3594 hanc
1010 3527 1144 3596 calami·
1256 3574 1260 3580 .

161 3628 278 3703 'tatem
308 3637 468 3705 inciderit.
523 3635 640 3704 Monet
664 3635 833 3719 denique,
861 3652 900 3704 ut
932 3639 1141 3725 specieque

182 3754 254 3819 dem
273 3750 492 3835 obtemperent
508 3749 639 3817 Senatui
650 3746 673 3831 ,'
685 3736 748 3818 sed'
766 3762 845 3819 succ
865 3752 1053 3840 securitatis
1071 3776 1142 3843 gra.

181 3866 228 3935 tia
245 3842 334 3935 ¹inter
348 3844 394 3933 “se
415 3864 625 3967 conspirent,
657 3866 735 3945 dum
761 3864 879 3949 liceat,
909 3882 941 3937 et
969 3870 1047 3943 haec
1069 3876 1142 3955 An·

1092 4002 1144 4055 ta·
