2884 4817
604 389 713 453 Ξ
761 460 794 503 ,Ι
1118 404 1147 479 7

171 578 333 649 tenerem
367 576 402 645 in
434 594 559 662 regnae
596 575 786 657 Saburram,
812 576 885 661 ejus
914 575 1138 660 praefectum,

171 714 246 761 cum
277 692 413 760 modicis
441 690 548 774 copiis
573 688 689 779 Uticae
718 691 987 774 appropinquare.
1032 690 1140 776 Igitur

171 808 294 895 praelio
319 822 384 873 rem
410 806 613 871 committere
639 802 809 884 decrevit,
830 820 863 868 et
890 806 1005 872 castris
1035 822 1143 890 egres·

171 942 253 1002 sus,
283 924 318 988 in
343 920 450 1002 ipsius
477 917 560 1002 regis
594 917 767 987 exercitum
788 918 931 1010 incidit,
961 938 1067 1001 aquo
1092 919 1144 985 im·

169 1035 361 1107 ternecivam
387 1032 509 1099 cladem
536 1050 654 1114 passus
681 1046 752 1113 est,
774 1052 869 1115 quam
896 1031 992 1115 pauci
1014 1046 1141 1097 tantum

170 1168 212 1217 ex
239 1148 429 1232 equitibus,
451 1148 484 1212 in
510 1160 613 1212 crstra
636 1148 779 1229 reversi,
811 1146 1004 1231 effugerunt.
1041 1146 1139 1213 Caes.

173 1265 197 1333 l.
221 1248 251 1328 i.
275 1266 365 1345 epo
390 1292 433 1313 -·
451 1278 507 1343 43.
552 1266 590 1327 ln
615 1262 664 1329 his
691 1260 758 1327 fuit
779 1261 908 1340 Pollio,
941 1259 1000 1342 qui
1022 1250 1144 1325 mature

173 1394 213 1442 ex
241 1392 348 1459 pugna
379 1374 420 1439 ad
453 1375 581 1441 relictas
609 1375 722 1457 copias
754 1394 789 1441 se
813 1375 965 1458 reecpit,
996 1370 1144 1456 nequid

172 1488 304 1570 Varus,
328 1488 385 1569 qui
409 1488 531 1553 Uticae·
547 1491 709 1571 praeerat,
734 1488 841 1555 oblata
861 1487 1054 1555 calamitatis
1080 1505 1143 1569 op·

63 1591 64 1595 ’
170 1602 374 1685 portunitate
400 1618 505 1683 usus,
538 1603 692 1673 adversus
725 1599 836 1669 castra
862 1598 1040 1668 moliretur.
1075 1598 1156 1685 rid,

171 1713 316 1797 Appiam.
347 1716 371 1781 l.
398 1718 423 1785 l.
457 1735 488 1783 c.
516 1708 587 1799 45.
627 1716 692 1783 Hic
727 1735 804 1783 ueto
839 1716 898 1781 ubi
933 1713 1071 1781 nuntius
1103 1712 1144 1779 de

173 1846 270 1895 caeso
294 1823 446 1896 ‘exercitu
475 1830 730 1913 percrebuisset,
763 1831 927 1910 Flamma,
959 1826 1143 1912 praefectus

172 1941 312 2023 classis,
343 1943 435 2008 trullo
467 1959 613 2009 exterra
647 1944 750 2035 milite
769 1961 938 2023 recepto,
971 1962 1045 2009 cum
1072 1960 1143 2005 om·

175 2054 278 2121 nibus
316 2053 456 2120 navibus
493 2052 638 2137 aufugit.
690 2054 799 2118 Pollio
832 2070 936 2119 autem
975 2056 1015 2120 ad
1045 2072 1147 2136 nego·

76 2148 80 2164 ’
176 2168 331 2245 tiatores,
370 2165 427 2247 qui
465 2181 553 2231 ertra
585 2180 714 2247 portum
751 2168 785 2232 in
817 2168 958 2235 statione
995 2167 1144 2247 stabant,

171 2282 272 2348 lintre
301 2282 479 2361 devectus,
511 2281 637 2361 oravit,
668 2297 706 2347 ut
738 2281 778 2346 ad
803 2281 897 2347 littus
925 2283 1144 2366 appellerent,

173 2395 372 2477 relictosque
397 2393 515 2461 milites
547 2410 730 2462 servarent:
766 2396 889 2477 quade
912 2414 947 2461 re
976 2394 1146 2465 nonnullis

175 2510 359 2593 persuasit,
389 2522 426 2575 ut
456 2522 560 2575 noctu
591 2510 835 2579 adveherentur.
881 2515 1000 2580 verum
1027 2509 1143 2595 paucis

176 2624 240 2689 hoc
274 2622 388 2688 salutis
424 2622 621 2704 praesidium
656 2622 809 2707 profuit:
850 2642 925 2690 cum
961 2625 1046 2689 enim
1080 2622 1147 2689 sibi

178 2734 320 2816 quisque
341 2737 546 2827 consuleret,
571 2748 659 2800 tanta
684 2749 750 2801 erat
779 2735 952 2817 completis
977 2734 1146 2801 littoribus

148 2908 153 2917 .
177 2844 365 2925 contentio,
390 2847 447 2929 qui
470 2848 678 2931 potissimum
702 2866 742 2914 ex
767 2866 884 2933 magno
908 2867 1043 2915 numero
1066 2866 1146 2915 con·

176 2962 391 3042 scenderunt,
422 2974 472 3025 ut*
490 2958 697 3031 multitudiue
730 2977 828 3044 atque
864 2982 960 3031 onere
996 2963 1149 3032 nonnulli

177 3053 450 3158 deprimerentur,
465 3072 536 3139 alii
562 3090 766 3159 arcerentur,
798 3080 916 3158 ceteri,
948 3063 1171 3158 metuentes‚'

178 3202 220 3257 ue
250 3190 285 3255 in
316 3192 386 3271 ipsa
419 3187 507 3255 vitae
538 3194 709 3275 servandae
747 3193 955 3259 festinatione
986 3194 1148 3276 perirent,

179 3303 316 3389 propius
346 3304 430 3369 adire
462 3304 701 3375 deterrerentur.
754 3306 816 3388 His
856 3310 966 3389 itaque
997 3306 1043 3371 nil
1077 3303 1150 3369 reli·

183 3416 397 3499 quumfuit,
428 3417 493 3485 nisi
522 3431 558 3485 ut
587 3422 675 3487 Varo
704 3440 775 3488 sese
802 3422 962 3489 dederent.
988 3420 1056 3485 vid.
1081 3422 1151 3503 Ap-

184 3532 271 3614 piau.
306 3531 329 3599 l.
353 3534 377 3597 l.
411 3550 443 3598 e.
472 3531 531 3611 46.
581 3531 920 3618 Caea.1.1.e.43.
971 3531 1038 3599 Dio
1069 3532 1094 3599 l.
1123 3533 1152 3601 i.

186 3630 294 3726 dm.
338 3641 536 3733 arrepta.
567 3640 612 3714 ι.
634 3646 737 3738 cnr.
895 3637 900 3647 ·
1184 3634 1187 3640 ’

228 3756 281 3821 Ex
302 3754 362 3819 hac
390 3758 538 3825 universa
557 3762 663 3829 totius
686 3763 843 3831 exereitus
861 3762 1055 3845 calamitate,
1079 3778 1147 3845 quo

185 3890 222 3947 te
242 3869 382 3957 primum
408 3869 515 3941 Pollio
536 3876 710 3961 receperit,
733 3876 835 3943 nullis
859 3876 1047 3947 auctoribus
1071 3894 1153 3942 con·

1069 4005 1155 4059 state
