2884 4817
317 402 361 499 si
740 412 855 483 2¹...-

317 617 348 667 c.
365 617 397 681 4.
423 596 500 666 edit.
524 594 632 663 Reitz.
658 594 704 664 Τ.
720 596 778 670 lu
804 620 838 683 p.
862 617 935 671 roa.
954 613 994 668 ‘et
1019 594 1183 683 Lucullo,
1203 598 1275 673 vid.

320 712 483 781 Plutarch.
518 711 551 777 in
577 712 711 779 Lucuil.
746 733 780 797 p.
803 733 875 798 519.
898 715 938 782 E.
963 714 1002 780 1³.
1061 714 1280 784 isidor.·i.i.

321 824 405 893 Nom
438 824 571 891 Luculli
604 826 798 895 bibliotheca
836 831 978 896 nondum
1020 828 1148 910 publica
1180 827 1277 909 fuit,

316 940 405 1021 quod
441 955 479 1005 ex
506 939 670 1006 Plutarchi
704 942 727 1010 l.
756 942 780 1007 1.
823 942 994 1025 aliquoties
1025 955 1183 1026 arreptum
1219 954 1280 1011 eat.

316 1052 382 1120 vid.
415 1056 528 1119 Donat.
564 1056 602 1120 de
629 1054 707 1121 urbe
738 1055 865 1138 Roma,
894 1055 937 1125 1..
952 1060 999 1125 ΙΙ.
1034 1072 1112 1139 c-9·
1144 1077 1176 1138 p.
1202 1071 1272 1136 104.

237 1181 239 1188 '
317 1185 392 1250 105.
437 1166 479 1233 Ol
521 1166 730 1250 Borrichius‚
758 1172 799 1238 de
822 1172 922 1252 antiq.
952 1170 1025 1241 urb.
1048 1168 1148 1235 Rom.
1175 1168 1279 1249 facie,

234 1346 237 1355 .
316 1304 347 1350 c.
367 1270 442 1349 XV.
464 1284 482 1366 s
505 1300 534 1364 3.
560 1256 597 1348 in¹
611 1282 710 1352 Thes.
727 1285 843 1366 Antiq.
864 1283 960 1351 Rom.
984 1281 1028 1349 T.
1043 1282 1102 1351 IV.
1124 1300 1158 1366 p.
1179 1281 1275 1361 1604.
1352 1361 1356 1366 ι

316 1396 449 1465 silvest.
483 1395 621 1462 Lursen.
659 1398 697 1463 de
732 1396 921 1466 Bibliothec.
956 1396 1090 1464 Roman.
1124 1397 1203 1479 59.
1238 1411 1277 1476 ps

317 1518 409 1593 278,
436 1530 511 1593 279.
543 1528 621 1591 quac
647 1510 825 1588 disputatio
851 1510 956 1574 addita
976 1523 1026 1574 est
1045 1511 1184 1591 ejusdem
1205 1524 1283 1574 auc·

316 1625 400 1691 toris
433 1624 565 1701 libello,
580 1622 633 1685 .de
658 1621 783 1702 templo
814 1636 847 1687 et
880 1621 1082 1709 Bibliotheca
1112 1619 1281 1702 Apollinis

315 1734 472 1814 Palatini,
503 1736 631 1815 rraneq.
667 1752 762 1817 1719.
817 1736 967 1803 Ceterum
996 1734 1064 1800 vid.
1092 1732 1281 1830 ‚Scriptores

316 1850 422 1933 laudd.
451 1849 659 1929 ocellatis,
687 1851 803 1931 Annq.
832 1850 928 1916 Rom.
958 1851 1001 1915 L.
1018 1845 1092 1913 v11.
1128 1846 1215 1915 sect.
1232 1823 1278 1914 '11.

319 1968 390 2051 §7-
419 1980 450 2030 et
475 1984 492 2031 t
518 1964 671 2029 Walchio
701 1963 735 2029 in
768 1963 870 2029 notis.
911 1961 1051 2030 Lursen.
1076 1962 1103 2029 Ι.
1130 1963 1156 2029 1.
1188 1963 1208 2044 S
1236 1962 1281 2042 8,

1423 641 1426 738 i

321 2104 367 2169 9,
402 2103 449 2147 ιο.
487 2082 609 2163 popo
637 2094 712 2159 sqq.
763 2078 891 2145 Primus
927 2077 1046 2144 Caesar
1065 2074 1285 2142 ·destinaverat
1424 2037 1425 2086 ³

318 2196 521 2273 bibliothecas
559 2191 704 2255 Graecas
738 2202 770 2249 er
797 2189 971 2267 Latinas,
1002 2209 1084 2273 qaas
1117 2192 1282 2253 maxims

317 2302 653 2395 posset,-pablicare‚
684 2298 767 2363 data
794 2300 856 2368 M:
873 2300 1020 2384 Varroni
1047 2320 1133 2365 cura
1154 2316 1302 2387 compo.

322 2414 506 2485 caudarum
530 2432 570 2478 ac
597 2411 861 2498 digerendarum.
905 2411 994 2477 Suet.
1012 2414 1045 2478 in
1067 2413 1161 2481 Caes.
1179 2433 1210 2484 c.
1226 2434 1283 2497 44.

320 2530 523 2599 Destinatum
570 2544 654 2606 opus
689 2526 828 2591 Asinius
866 2523 972 2592 Pollio
1004 2524 1151 2606 perfecit.
1203 2527 1285 2593 Erat

263 2635 265 2639 ’
323 2645 406 2712 enim
435 2658 501 2709 tunt
531 2640 565 2707 in
597 2658 685 2719 more
722 2640 855 2721 publica
882 2637 1119 2706 munificentia:
1151 2655 1183 2705 et
1213 2644 1311 2706 Au·.

324 2758 443 2845 gustus
487 2755 648 2838 principes
687 2770 724 2819 ac
766 2752 922 2835 dignitate
966 2767 1163 2835 praestantes
1196 2754 1286 2821 viros

321 2892 390 2959 non
417 2884 538 2936 tantum
565 2886 631 2933 non
659 2868 809 2946 arcebat,
840 2866 896 2931 sed
920 2864 1127 2947 hortabatur,
1149 2867 1285 2934 hostiles

323 2987 476 3061 exuvias,
508 2994 562 3045 aut
583 2982 777 3043 exundantes
799 2998 879 3059 opes
902 2993 1049 3044 ornarunt
1071 2981 1112 3045 ad
1134 2980 1221 3044 urbis
1247 2994 1281 3046 et
1340 2988 1345 2999 '

322 3098 489 3185 porterum
511 3092 647 3198 ¹gloriam
673 3089 828 3158 conferre.
871 3090 988 3168 Tacit.
1004 3092 1124 3158 Annei.
1149 3066 1211 3159 ui.
1233 3113 1286 3175 71.

322 3213 441 3296 Velicj.
471 3214 510 3277 ii.
535 3208 585 3289 89,
610 3208 680 3289 sa.
726 3205 815 3269 Suet.
844 3202 878 3269 in
907 3207 983 3286 Aug
1015 3225 1122 3288 cap.
1166 3214 1282 3289 ltaque
1423 3193 1424 3200 ἵ

323 3326 397 3397 aliis
424 3320 637 3389 monumentis
664 3317 715 3383 alii
744 3332 775 3382 et
801 3316 909 3382 urbem
936 3320 1151 3398 adornarunt,
1180 3334 1213 3385 et
1235 3317 1286 3385 fa·

324 3459 394 3511 mae
429 3436 579 3515 laudique
611 3450 685 3498 suae
718 3432 970 3499 consulueruntr
996 3435 1127 3518 primm
1162 3431 1287 3500 Romae
1327 3496 1331 3503 .

325 3555 527 3622 hilisihtcas
546 3546 725 3635 publicauit
746 3543 870 3626 Pollio,
895 3546 1041 3613 Graecas
1060 3533 1281 3637 Latinasque,

226 3732 228 3738 ,
327 3666 447 3733 additis
482 3672 649 3728 auctorum
679 3660 891 3743 imaginibus,
937 3662 973 3723 in
997 3663 1107 3765 atrio,
1138 3662 1225 3755 qaod
1246 3659 1286 3728 lo

328 3778 486 3861 manubiis
501 3770 863 3880 ,Utpagpifaac‘otisaimuor
900 3775 1118 3847 irurruurat.
1166 3776 1282 3843 Isidos.
1320 3842 1327 3855 ,

1135 3886 1282 3971 oa.
